%% REFERENCES START
\usepackage{url}
@article{Ref:001,
  author        = "Aguilar, R. S. H. and Alcoran, S. J. V. and Lopez, A. B. G. and Taguines, M. P. V. and Bucu, G. C.",
  title         = "Analysis of Customers’ Expectations and Perceptions on the EDSA Carousel through Factor Analysis and Analytical Hierarchy Process",
  year          = "2023"
};

@inproceedings{Ref:002,
author="Almeda, J. C. V. and Domingo, M. C. J. and Saringan, A. B. L",
title="A Comparison of
Auditory and Visual in-Vehicle Stop Signals in Philippine Public Road-Based
Transportation", 
booktitle="Advances in Human Aspects of Transportation: Proceedings of
the AHFE 2017 International Conference on Human Factors in Transportation", 
year="2018",
pages="1025-1035"
};

@electronic{Ref:003,
organization="Smashing Magazine",
author="Babich, N.",
title="Basic Patterns for Mobile Navigation: Pros and Cons",
year="2017",
url="https://www.smashingmagazine.com/2017/05/basic-patterns-mobile-navigation/"
};

@inproceedings{Ref:004,
author="Boquet, Y.",
title=" Bus transportation in the Philippines", 
booktitle="Proceedings of
the 18th Hong Kong Society for Transportation Studies conference, Travel
Behaviour and Society", 
year="2013",
pages="511-518"
};

@article{Ref:005,
  author        = "D’hondt, S.",
  title         = "Calling the stops in a Dar-es-Salaam minibus: Embodied
understandings of place in a drop-off routine",
  journal       = "Journal of Pragmatics",
  volume        = "41",
  number        = "10",
  year          = "2009",
  pages         = "1962-1976",
};

@electronic{Ref:006,
organization="EDSA Bus Carousel",
year="2023",
url="https://edsacarousel.com/"
};

@article{Ref:007,
  author        = "Hwang, W. and Salvendy, G.",
  title         = "Number of people required for usability evaluation:
the 10±2 rule",
  journal       = "Communications of the ACM",
  volume        = "53",
  number        = "5",
  year          = "2010",
  pages         = "130-133",
};

@electronic{Ref:008,
organization="ikotMNL",
title="ikotMNL Mobile App",
url="https://play.google.com/store/apps/details?id=com.praxxys.ikotmnl&hl=en."
};

@inproceedings{Ref:009,
author="Jacob, R. and Shalaik, B. and Winstanley, A. C. and Mooney, P.",
title=" Haptic feedback for passengers using public transport", 
booktitle="Digital Information and Communication
Technology and Its Applications: International Conference, DICTAP 2011", 
year="2011",
pages="24-32"
};

@electronic{Ref:010,
organization="Nielsen Norman Group",
author="Laubheimer, P.",
title="Beyond the NPS: Measuring Perceived Usability with the SUS,
NASA-TLX, and the Single Ease Question After Tasks and Usability Tests",
year="2018",
url="https://www.nngroup.com/articles/measuring-perceived-usability/"
};

@electronic{Ref:011,
organization="Meta Platforms, Inc.",
title="React Native: learn once, write anywhere",
year="2023",
url="https://reactnative.dev/"
};

@electronic{Ref:012,
organization="Microsoft",
title="Visual Studio Code - code editing. Redefined",
year="2023",
url="https://code.visualstudio.com/"
};

@electronic{Ref:013,
organization="Usability Geek",
author="Mifsud, J.",
title="Usability Testing Of Mobile Applications: A Step-By-Step Guide",
year="2016",
url="https://usabilitygeek.com/usability-testing-mobile-applications/"
};

@article{Ref:014,
  author        = "Prathilothamai, M. and Nair, P. R. and Alakh, R. and Singh, P. and & Aditya, P. N. S.",
  title         = "Offline navigation: GPS based location assisting system",
  journal       = "Indian Journal of Science and Technology",
  volume        = "9",
  number        = "45",
  year          = "2016",
  pages         = "1-6",
};

@electronic{Ref:015,
organization="Sakay.ph",
title="Sakay.ph - NCR Commute Map",
url="https://play.google.com/store/apps/details?id=com.byimplication.sakay&hl=en"
};

@electronic{Ref:016,
organization="Surfshark",
title="2023 Digital Quality of Life Index",
year="2023",
url="https://surfshark.com/dql2023"
};

@electronic{Ref:017,
organization="Usability Geek",
author="Thomas, N.",
title="How to use the system usability scale (SUS) to
evaluate the usability of your website",
year="2023",
url="https://usabilitygeek.com/how-to-use-the-system-usability-scale-sus-to-evaluate
the-usability-of-your-website/"
};

@inproceedings{Ref:018,
author="Toledo, J. and Salgado, A. C. and Gozum, C. C. and Custodio, B.",
title="Usability Assessment of a Philippine Commuting Navigation Application", 
booktitle="Advances in Usability, User Experience, Wearable and Assistive Technology: Proceedings of the AHFE 2020 Virtual Conferences on Usability and User Experience, Human Factors and Assistive Technology, Human Factors and Wearable Technologies, and Virtual Environments and Game Design", 
year="2020",
pages="286-293"
};

@electronic{Ref:019,
  author    = "Jeff Sauro",
  title     = "Measuring Usability with the System Usability Scale (SUS)",
  year      = "2011",
  url       = "https://measuringu.com/sus/"
};

@electronic{Ref:020,
  author       = "LibreTexts",
  title        = "Confidence Intervals for Means (Sigma Known)",
  year         = "2025",
  url = "https://stats.libretexts.org/Courses/Fort_Hays_State_University/Elements_of_Statistics/\%3A_Confidence_Intervals/6.03\%3A_Confidence_Intervals_for_Means_(Sigma_Known)"
};


% EKIS EKIS EKIS 



% Those fields that are not to be changed can be left out or empty.
@IEEEtranBSTCTL{IEEEexample:BSTcontrol,
  CTLuse_article_number     = "yes",
  CTLuse_paper              = "yes",
  CTLuse_forced_etal        = "no",
  CTLmax_names_forced_etal  = "10",
  CTLnames_show_etal        = "1",
  CTLuse_alt_spacing        = "yes",
  CTLalt_stretch_factor     = "4",
  CTLdash_repeated_names    = "yes",
  CTLname_format_string     = "{f.~}{vv~}{ll}{, jj}",
  CTLname_latex_cmd         = ""
};
